<collection xmlns="http://www.loc.gov/MARC21/slim">
<record>
  <leader>01687nam0a22003131i 450 </leader>
  <controlfield tag="001">IT\ICCU\CNCE\041383</controlfield>
  <controlfield tag="005">20150605000000.0</controlfield>
  <datafield tag="012" ind1=" " ind2=" ">
    <subfield code="a">i.po i-m- i-no tara (3) 1591 (A)</subfield>
    <subfield code="2">fei</subfield>
  </datafield>
  <datafield tag="100" ind1=" " ind2=" ">
    <subfield code="a">19981105d1591        0itac0103    ba</subfield>
  </datafield>
  <datafield tag="101" ind1=" " ind2=" ">
    <subfield code="a">ITA</subfield>
  </datafield>
  <datafield tag="102" ind1=" " ind2=" ">
    <subfield code="a">IT</subfield>
  </datafield>
  <datafield tag="200" ind1="1" ind2=" ">
    <subfield code="a">Specchio de&apos;religiosi dell&apos;abbate Dacriano, dell&apos;Ordine di san Benedetto. Nel quale si tratta di quel, che conuien&apos;esser osseruato da ogni claustrato a voler riuscir perfetto. Tradotto per Thomaso Porcacchi ... Nuouamente ridotto in capitoli, &amp; accresciuto, con la gionta della dottrina di s. Bernardo, non solamnete utile, ma necessaria a ciaschun religioso</subfield>
  </datafield>
  <datafield tag="210" ind1=" " ind2=" ">
    <subfield code="a">In Genoua</subfield>
    <subfield code="c">appresso Girolamo Bartoli</subfield>
    <subfield code="d">1591</subfield>
  </datafield>
  <datafield tag="215" ind1=" " ind2=" ">
    <subfield code="a">61, \3! c.</subfield>
    <subfield code="c">ill.</subfield>
    <subfield code="d">12ʻ</subfield>
  </datafield>
  <datafield tag="620" ind1=" " ind2=" ">
    <subfield code="a">IT</subfield>
    <subfield code="d">Genova</subfield>
  </datafield>
  <datafield tag="700" ind1=" " ind2="1">
    <subfield code="a">Blois,</subfield>
    <subfield code="b">Louis de</subfield>
    <subfield code="3">IT\ICCU\CNCA\001771</subfield>
  </datafield>
  <datafield tag="702" ind1=" " ind2="1">
    <subfield code="a">Porcacchi,</subfield>
    <subfield code="b">Tommaso</subfield>
    <subfield code="3">IT\ICCU\CNCA\000149</subfield>
  </datafield>
  <datafield tag="712" ind1="0" ind2="0">
    <subfield code="a">Bartoli, Girolamo</subfield>
    <subfield code="3">IT\ICCU\CNCT\000017</subfield>
    <subfield code="4">650</subfield>
  </datafield>
  <datafield tag="790" ind1=" " ind2="1">
    <subfield code="a">Blosius,</subfield>
    <subfield code="b">Ludovicus</subfield>
    <subfield code="3">IT\ICCU\CNCA\007989</subfield>
    <subfield code="z">Blois, Louis de</subfield>
  </datafield>
  <datafield tag="790" ind1=" " ind2="1">
    <subfield code="a">Blosius,</subfield>
    <subfield code="b">Franciscus Ludovicus</subfield>
    <subfield code="3">IT\ICCU\CNCA\012714</subfield>
    <subfield code="z">Blois, Louis de</subfield>
  </datafield>
  <datafield tag="790" ind1=" " ind2="0">
    <subfield code="a">Abbate Dacriano</subfield>
    <subfield code="3">IT\ICCU\CNCA\012715</subfield>
    <subfield code="z">Blois, Louis de</subfield>
  </datafield>
  <datafield tag="790" ind1=" " ind2="1">
    <subfield code="a">Blosio,</subfield>
    <subfield code="b">Ludovico</subfield>
    <subfield code="3">IT\ICCU\CNCA\012716</subfield>
    <subfield code="z">Blois, Louis de</subfield>
  </datafield>
  <datafield tag="790" ind1=" " ind2="0">
    <subfield code="a">Dacriano</subfield>
    <subfield code="3">IT\ICCU\CNCA\015190</subfield>
    <subfield code="z">Blois, Louis de</subfield>
  </datafield>
  <datafield tag="790" ind1=" " ind2="0">
    <subfield code="a">Dacrianus</subfield>
    <subfield code="3">IT\ICCU\CNCA\015191</subfield>
    <subfield code="z">Blois, Louis de</subfield>
  </datafield>
  <datafield tag="790" ind1=" " ind2="1">
    <subfield code="a">Porcacchi da Castiglione,</subfield>
    <subfield code="b">Tomaso</subfield>
    <subfield code="3">IT\ICCU\CNCA\014928</subfield>
    <subfield code="z">Porcacchi, Tommaso</subfield>
  </datafield>
  <datafield tag="791" ind1="0" ind2="0">
    <subfield code="a">Bartolus, Hieronymus</subfield>
    <subfield code="3">IT\ICCU\CNCT\004302</subfield>
    <subfield code="z">Bartoli, Girolamo</subfield>
  </datafield>
  <datafield tag="791" ind1="0" ind2="0">
    <subfield code="a">Bartoli, Gieronimo</subfield>
    <subfield code="3">IT\ICCU\CNCT\004303</subfield>
    <subfield code="z">Bartoli, Girolamo</subfield>
  </datafield>
  <datafield tag="801" ind1=" " ind2="3">
    <subfield code="a">IT</subfield>
    <subfield code="b">ICCU</subfield>
    <subfield code="c">20201114</subfield>
  </datafield>
  <datafield tag="899" ind1=" " ind2=" ">
    <subfield code="a">Biblioteca comunale Passerini Landi. Piacenza</subfield>
    <subfield code="1">PC0030</subfield>
    <subfield code="2">PIA PL</subfield>
  </datafield>
</record>
</collection>
